<?xml version="1.0" encoding="UTF-8"?>
  <record xmlns="http://www.loc.gov/MARC21/slim" type="Authority">
    <leader>00000nz  a2200000nc 4500</leader>
    <controlfield tag="001">129725617</controlfield>
    <controlfield tag="003">DE-101</controlfield>
    <controlfield tag="005">20210225181303.0</controlfield>
    <controlfield tag="008">050125n||aznnnaabn           | aaa    |c</controlfield>
    <datafield tag="024" ind1="7" ind2=" ">
      <subfield code="a">129725617</subfield>
      <subfield code="0">http://d-nb.info/gnd/129725617</subfield>
      <subfield code="2">gnd</subfield>
    </datafield>
    <datafield tag="035" ind1=" " ind2=" ">
      <subfield code="a">(DE-101)129725617</subfield>
    </datafield>
    <datafield tag="035" ind1=" " ind2=" ">
      <subfield code="a">(DE-588)129725617</subfield>
    </datafield>
    <datafield tag="035" ind1=" " ind2=" ">
      <subfield code="z">(DE-588)108970352X</subfield>
    </datafield>
    <datafield tag="035" ind1=" " ind2=" ">
      <subfield code="z">(DE-588a)129725617</subfield>
      <subfield code="9">v:zg</subfield>
    </datafield>
    <datafield tag="035" ind1=" " ind2=" ">
      <subfield code="z">(DE-588a)103344772</subfield>
    </datafield>
    <datafield tag="040" ind1=" " ind2=" ">
      <subfield code="a">DE-12</subfield>
      <subfield code="c">DE-12</subfield>
      <subfield code="9">r:DE-12</subfield>
      <subfield code="b">ger</subfield>
      <subfield code="d">0030</subfield>
    </datafield>
    <datafield tag="042" ind1=" " ind2=" ">
      <subfield code="a">gnd1</subfield>
    </datafield>
    <datafield tag="043" ind1=" " ind2=" ">
      <subfield code="c">XB-TR</subfield>
      <subfield code="c">XY</subfield>
    </datafield>
    <datafield tag="075" ind1=" " ind2=" ">
      <subfield code="b">p</subfield>
      <subfield code="2">gndgen</subfield>
    </datafield>
    <datafield tag="075" ind1=" " ind2=" ">
      <subfield code="b">piz</subfield>
      <subfield code="2">gndspec</subfield>
    </datafield>
    <datafield tag="079" ind1=" " ind2=" ">
      <subfield code="a">g</subfield>
      <subfield code="q">a</subfield>
      <subfield code="q">f</subfield>
      <subfield code="q">e</subfield>
    </datafield>
    <datafield tag="100" ind1="1" ind2=" ">
      <subfield code="a">Yafeh, Shemuʾel ben Yitsḥaḳ</subfield>
      <subfield code="d">1525-1595</subfield>
    </datafield>
    <datafield tag="400" ind1="1" ind2=" ">
      <subfield code="a">Yāfe, Šemû'ēl Ben-Yiṣḥāq</subfield>
      <subfield code="d">1525-1595</subfield>
      <subfield code="9">v:DIN Stand 1982</subfield>
    </datafield>
    <datafield tag="400" ind1="1" ind2=" ">
      <subfield code="a">Yāfe, Šemûʾēl Ben-Yiṣḥāq</subfield>
      <subfield code="d">1525-1595</subfield>
    </datafield>
    <datafield tag="400" ind1="1" ind2=" ">
      <subfield code="a">Jāfe, Šemûʾēl Ben-Jiṣḥāq</subfield>
      <subfield code="d">1525-1595</subfield>
    </datafield>
    <datafield tag="400" ind1="1" ind2=" ">
      <subfield code="a">Jaffe, Samuel b. Isaac</subfield>
      <subfield code="d">1525-1595</subfield>
      <subfield code="9">v:bhb</subfield>
    </datafield>
    <datafield tag="400" ind1="1" ind2=" ">
      <subfield code="a">Yafeh, Shemuʾel</subfield>
      <subfield code="d">1525-1595</subfield>
    </datafield>
    <datafield tag="400" ind1="1" ind2=" ">
      <subfield code="a">Yafeh, Shemuʾel ben Yitsḥaḳ Ashkenasi</subfield>
      <subfield code="d">1525-1595</subfield>
    </datafield>
    <datafield tag="400" ind1="1" ind2=" ">
      <subfield code="a">Yāfe, Šemûʾēl Ben-Yiṣḥāq Aškenazi</subfield>
      <subfield code="d">1525-1595</subfield>
    </datafield>
    <datafield tag="400" ind1="1" ind2=" ">
      <subfield code="a">Jāfe, Šemûʾēl Ben-Jiṣḥāq Aškenazi</subfield>
      <subfield code="d">1525-1595</subfield>
    </datafield>
    <datafield tag="400" ind1="1" ind2=" ">
      <subfield code="a">Yafeh, Shemuʾel &#152;ben Yitsḥaḳ&#156;</subfield>
      <subfield code="c">Ashkenasi</subfield>
      <subfield code="d">1525-1595</subfield>
    </datafield>
    <datafield tag="400" ind1="1" ind2=" ">
      <subfield code="a">Yāfe, Šemûʾēl &#152;Ben-Yiṣḥāq&#156;</subfield>
      <subfield code="c">Aškenazi</subfield>
      <subfield code="d">1525-1595</subfield>
    </datafield>
    <datafield tag="400" ind1="1" ind2=" ">
      <subfield code="a">Jāfe, Šemûʾēl &#152;Ben-Jiṣḥāq&#156;</subfield>
      <subfield code="c">Aškenazi</subfield>
      <subfield code="d">1525-1595</subfield>
    </datafield>
    <datafield tag="400" ind1="1" ind2=" ">
      <subfield code="a">Jaffe, Samuel ben Isaac Ashkenazi</subfield>
      <subfield code="d">1525-1595</subfield>
    </datafield>
    <datafield tag="400" ind1="1" ind2=" ">
      <subfield code="a">Jaffe, Samuel ben Isaak Aschkenasi</subfield>
      <subfield code="d">1525-1595</subfield>
      <subfield code="9">v:Internat. biogr. Index</subfield>
    </datafield>
    <datafield tag="400" ind1="1" ind2=" ">
      <subfield code="a">Ashkenasi, Shemuʾel ben Yitsḥaḳ Yafeh</subfield>
      <subfield code="d">1525-1595</subfield>
    </datafield>
    <datafield tag="400" ind1="1" ind2=" ">
      <subfield code="a">Aškenazi, Šemûʾēl Ben-Yiṣḥāq Yāfe</subfield>
      <subfield code="d">1525-1595</subfield>
    </datafield>
    <datafield tag="400" ind1="1" ind2=" ">
      <subfield code="a">Aškenazi, Šemûʾēl Ben-Jiṣḥāq Jāfe</subfield>
      <subfield code="d">1525-1595</subfield>
    </datafield>
    <datafield tag="400" ind1="1" ind2=" ">
      <subfield code="a">Ashkenasi, Shemuʾel Yafeh ben Yitsḥaḳ</subfield>
      <subfield code="d">1525-1595</subfield>
    </datafield>
    <datafield tag="400" ind1="1" ind2=" ">
      <subfield code="a">Aškenazi, Šemûʾēl Yāfe Ben-Yiṣḥāq</subfield>
      <subfield code="d">1525-1595</subfield>
    </datafield>
    <datafield tag="400" ind1="1" ind2=" ">
      <subfield code="a">Aškenazi, Šemûʾēl Jāfe Ben-Jiṣḥāq</subfield>
      <subfield code="d">1525-1595</subfield>
    </datafield>
    <datafield tag="400" ind1="1" ind2=" ">
      <subfield code="a">Ashkenazi, Samuel Jaffe ben Isaac</subfield>
      <subfield code="d">1525-1595</subfield>
      <subfield code="9">v:LoC-NA</subfield>
    </datafield>
    <datafield tag="400" ind1="1" ind2=" ">
      <subfield code="a">Ashkenazi, Shemu'el Yafeh</subfield>
      <subfield code="d">1525-1595</subfield>
    </datafield>
    <datafield tag="400" ind1="1" ind2=" ">
      <subfield code="a">Aschkenasi, Samuel Jaffe</subfield>
      <subfield code="d">1525-1595</subfield>
    </datafield>
    <datafield tag="400" ind1="0" ind2=" ">
      <subfield code="a">Šemûʾēl Jafeh Aškenazi</subfield>
      <subfield code="d">1525-1595</subfield>
    </datafield>
    <datafield tag="400" ind1="0" ind2=" ">
      <subfield code="a">Shemuʾel Yafeh Ashkenazi</subfield>
      <subfield code="d">1525-1595</subfield>
    </datafield>
    <datafield tag="400" ind1="1" ind2=" ">
      <subfield code="9">U:Hebr</subfield>
      <subfield code="a">יפה-אשכנזי, שמואל</subfield>
      <subfield code="d">1525-1595</subfield>
    </datafield>
    <datafield tag="400" ind1="1" ind2=" ">
      <subfield code="9">U:Hebr</subfield>
      <subfield code="a">אשכנזי, שמואל בן יצחק יפה</subfield>
      <subfield code="d">1525-1595</subfield>
    </datafield>
    <datafield tag="400" ind1="1" ind2=" ">
      <subfield code="9">U:Hebr</subfield>
      <subfield code="a">יפה, שמואל בן יצחק אשכנזי</subfield>
      <subfield code="d">1525-1595</subfield>
    </datafield>
    <datafield tag="400" ind1="1" ind2=" ">
      <subfield code="9">U:Hebr</subfield>
      <subfield code="a">%%יפה, שמואל &#152;בן יצחק&#156;</subfield>
      <subfield code="c">אשכנזי</subfield>
      <subfield code="d">1525-1595</subfield>
    </datafield>
    <datafield tag="400" ind1="0" ind2=" ">
      <subfield code="9">U:Hebr</subfield>
      <subfield code="a">שמואל יפה</subfield>
      <subfield code="c">אשכנזי</subfield>
      <subfield code="d">1525-1595</subfield>
    </datafield>
    <datafield tag="400" ind1="1" ind2=" ">
      <subfield code="9">U:Hebr</subfield>
      <subfield code="a">יפה, שמואל בן יצחק</subfield>
      <subfield code="d">1525-1595</subfield>
    </datafield>
    <datafield tag="500" ind1="1" ind2=" ">
      <subfield code="0">(DE-101)122551181X</subfield>
      <subfield code="0">(DE-588)122551181X</subfield>
      <subfield code="0">https://d-nb.info/gnd/122551181X</subfield>
      <subfield code="a">Yafeh, Yosef ben Shemuʾel</subfield>
      <subfield code="4">bezf</subfield>
      <subfield code="4">https://d-nb.info/standards/elementset/gnd#familialRelationship</subfield>
      <subfield code="w">r</subfield>
      <subfield code="i">Beziehung familiaer</subfield>
      <subfield code="e">Beziehung familiaer</subfield>
      <subfield code="9">v:Sohn</subfield>
    </datafield>
    <datafield tag="500" ind1="1" ind2=" ">
      <subfield code="0">(DE-101)1225512158</subfield>
      <subfield code="0">(DE-588)1225512158</subfield>
      <subfield code="0">https://d-nb.info/gnd/1225512158</subfield>
      <subfield code="a">Yafeh, Yitsḥaḳ ben Shemuʾel</subfield>
      <subfield code="4">bezf</subfield>
      <subfield code="4">https://d-nb.info/standards/elementset/gnd#familialRelationship</subfield>
      <subfield code="w">r</subfield>
      <subfield code="i">Beziehung familiaer</subfield>
      <subfield code="e">Beziehung familiaer</subfield>
      <subfield code="9">v:Sohn</subfield>
    </datafield>
    <datafield tag="548" ind1=" " ind2=" ">
      <subfield code="a">1525-1595</subfield>
      <subfield code="4">datl</subfield>
      <subfield code="4">https://d-nb.info/standards/elementset/gnd#dateOfBirthAndDeath</subfield>
      <subfield code="w">r</subfield>
      <subfield code="i">Lebensdaten</subfield>
    </datafield>
    <datafield tag="550" ind1=" " ind2=" ">
      <subfield code="0">(DE-101)041767519</subfield>
      <subfield code="0">(DE-588)4176751-2</subfield>
      <subfield code="0">https://d-nb.info/gnd/4176751-2</subfield>
      <subfield code="a">Rabbiner</subfield>
      <subfield code="4">berc</subfield>
      <subfield code="4">https://d-nb.info/standards/elementset/gnd#professionOrOccupation</subfield>
      <subfield code="w">r</subfield>
      <subfield code="i">Charakteristischer Beruf</subfield>
    </datafield>
    <datafield tag="550" ind1=" " ind2=" ">
      <subfield code="0">(DE-101)04156443X</subfield>
      <subfield code="0">(DE-588)4156443-1</subfield>
      <subfield code="0">https://d-nb.info/gnd/4156443-1</subfield>
      <subfield code="a">Gelehrter</subfield>
      <subfield code="4">beru</subfield>
      <subfield code="4">https://d-nb.info/standards/elementset/gnd#professionOrOccupation</subfield>
      <subfield code="w">r</subfield>
      <subfield code="i">Beruf</subfield>
    </datafield>
    <datafield tag="551" ind1=" " ind2=" ">
      <subfield code="0">(DE-101)040091732</subfield>
      <subfield code="0">(DE-588)4009173-9</subfield>
      <subfield code="0">https://d-nb.info/gnd/4009173-9</subfield>
      <subfield code="a">Bursa</subfield>
      <subfield code="4">ortg</subfield>
      <subfield code="4">https://d-nb.info/standards/elementset/gnd#placeOfBirth</subfield>
      <subfield code="w">r</subfield>
      <subfield code="i">Geburtsort</subfield>
    </datafield>
    <datafield tag="551" ind1=" " ind2=" ">
      <subfield code="0">(DE-101)040278212</subfield>
      <subfield code="0">(DE-588)4027821-9</subfield>
      <subfield code="0">https://d-nb.info/gnd/4027821-9</subfield>
      <subfield code="a">Istanbul</subfield>
      <subfield code="4">orts</subfield>
      <subfield code="4">https://d-nb.info/standards/elementset/gnd#placeOfDeath</subfield>
      <subfield code="w">r</subfield>
      <subfield code="i">Sterbeort</subfield>
    </datafield>
    <datafield tag="667" ind1=" " ind2=" ">
      <subfield code="a">12</subfield>
    </datafield>
    <datafield tag="667" ind1=" " ind2=" ">
      <subfield code="a">VD-17</subfield>
    </datafield>
    <datafield tag="667" ind1=" " ind2=" ">
      <subfield code="a">Red. SSG</subfield>
    </datafield>
    <datafield tag="672" ind1=" " ind2="0">
      <subfield code="a">Sefer yefe toʾar ʿal Ṿa-yiḳra raba</subfield>
      <subfield code="f">1688 = 5448 [jüd. Zeit]</subfield>
    </datafield>
    <datafield tag="672" ind1=" " ind2="0">
      <subfield code="a">Sefer yefe marʾe</subfield>
      <subfield code="f">1725</subfield>
    </datafield>
    <datafield tag="672" ind1=" " ind2="0">
      <subfield code="a">Sefer yefe toʾar</subfield>
      <subfield code="f">1692 = 452 [jüd. Zeit]</subfield>
    </datafield>
    <datafield tag="672" ind1=" " ind2="0">
      <subfield code="a">Sefer yefe toʾar ʿal Ṿa-yiḳra raba</subfield>
      <subfield code="f">1714 = 5474 [jüd. Zeit]</subfield>
    </datafield>
    <datafield tag="678" ind1=" " ind2=" ">
      <subfield code="b">Talmudist, Midraschkommentator; Rabbiner von Konstantinopel</subfield>
    </datafield>
    <datafield tag="700" ind1="1" ind2="4">
      <subfield code="9">U:Hebr</subfield>
      <subfield code="9">L:heb</subfield>
      <subfield code="a">יפה, שמואל בן יצחק</subfield>
      <subfield code="d">1525-1595</subfield>
      <subfield code="9">v:Original</subfield>
    </datafield>
    <datafield tag="700" ind1="1" ind2="7">
      <subfield code="9">U:Hebr</subfield>
      <subfield code="9">L:heb</subfield>
      <subfield code="a">יפה, שמואל בן יצחק</subfield>
      <subfield code="d">1525-1595</subfield>
      <subfield code="0">(IL-NNL)000176348</subfield>
      <subfield code="2">bhb</subfield>
      <subfield code="9">v:1525-1595</subfield>
    </datafield>
    <datafield tag="913" ind1=" " ind2=" ">
      <subfield code="S">pnd</subfield>
      <subfield code="i">a</subfield>
      <subfield code="a">Yāfe, Šemû'ēl Ben-Yiṣḥāq</subfield>
      <subfield code="0">(DE-588a)129725617</subfield>
    </datafield>
  </record>
